%YAML 1.1
%TAG !u! tag:unity3d.com,2011:
--- !u!1 &452112170349336687
GameObject:
  m_ObjectHideFlags: 0
  m_CorrespondingSourceObject: {fileID: 0}
  m_PrefabInstance: {fileID: 0}
  m_PrefabAsset: {fileID: 0}
  serializedVersion: 6
  m_Component:
  - component: {fileID: 6037382132804618601}
  - component: {fileID: 4657105555496839759}
  - component: {fileID: 1695945777610301802}
  m_Layer: 0
  m_Name: Bookmark
  m_TagString: Untagged
  m_Icon: {fileID: 0}
  m_NavMeshLayer: 0
  m_StaticEditorFlags: 0
  m_IsActive: 1
--- !u!224 &6037382132804618601
RectTransform:
  m_ObjectHideFlags: 0
  m_CorrespondingSourceObject: {fileID: 0}
  m_PrefabInstance: {fileID: 0}
  m_PrefabAsset: {fileID: 0}
  m_GameObject: {fileID: 452112170349336687}
  m_LocalRotation: {x: -0, y: -0, z: -0, w: 1}
  m_LocalPosition: {x: 0, y: 0, z: -10}
  m_LocalScale: {x: 1, y: 1, z: 1}
  m_Children: []
  m_Father: {fileID: 1360769522885278843}
  m_RootOrder: 0
  m_LocalEulerAnglesHint: {x: 0, y: 0, z: 0}
  m_AnchorMin: {x: 0.5, y: 0.5}
  m_AnchorMax: {x: 0.5, y: 0.5}
  m_AnchoredPosition: {x: -237, y: 61.5}
  m_SizeDelta: {x: 100, y: 100}
  m_Pivot: {x: 0.5, y: 0.5}
--- !u!222 &4657105555496839759
CanvasRenderer:
  m_ObjectHideFlags: 0
  m_CorrespondingSourceObject: {fileID: 0}
  m_PrefabInstance: {fileID: 0}
  m_PrefabAsset: {fileID: 0}
  m_GameObject: {fileID: 452112170349336687}
  m_CullTransparentMesh: 1
--- !u!114 &1695945777610301802
MonoBehaviour:
  m_ObjectHideFlags: 0
  m_CorrespondingSourceObject: {fileID: 0}
  m_PrefabInstance: {fileID: 0}
  m_PrefabAsset: {fileID: 0}
  m_GameObject: {fileID: 452112170349336687}
  m_Enabled: 1
  m_EditorHideFlags: 0
  m_Script: {fileID: 11500000, guid: fe87c0e1cc204ed48ad3b37840f39efc, type: 3}
  m_Name: 
  m_EditorClassIdentifier: 
  m_Material: {fileID: 0}
  m_Color: {r: 1, g: 1, b: 1, a: 1}
  m_RaycastTarget: 1
  m_RaycastPadding: {x: 0, y: 0, z: 0, w: 0}
  m_Maskable: 1
  m_OnCullStateChanged:
    m_PersistentCalls:
      m_Calls: []
  m_Sprite: {fileID: 21300000, guid: 1b897c9cfc7445c45b76ccbca8e04735, type: 3}
  m_Type: 0
  m_PreserveAspect: 0
  m_FillCenter: 1
  m_FillMethod: 4
  m_FillAmount: 1
  m_FillClockwise: 1
  m_FillOrigin: 0
  m_UseSpriteMesh: 0
  m_PixelsPerUnitMultiplier: 1
--- !u!1 &3478370400505023724
GameObject:
  m_ObjectHideFlags: 0
  m_CorrespondingSourceObject: {fileID: 0}
  m_PrefabInstance: {fileID: 0}
  m_PrefabAsset: {fileID: 0}
  serializedVersion: 6
  m_Component:
  - component: {fileID: 1360769522885278843}
  - component: {fileID: 243346908630619151}
  m_Layer: 0
  m_Name: InventoryWidget
  m_TagString: Untagged
  m_Icon: {fileID: 0}
  m_NavMeshLayer: 0
  m_StaticEditorFlags: 0
  m_IsActive: 1
--- !u!224 &1360769522885278843
RectTransform:
  m_ObjectHideFlags: 0
  m_CorrespondingSourceObject: {fileID: 0}
  m_PrefabInstance: {fileID: 0}
  m_PrefabAsset: {fileID: 0}
  m_GameObject: {fileID: 3478370400505023724}
  m_LocalRotation: {x: -0, y: -0, z: -0, w: 1}
  m_LocalPosition: {x: 0, y: 0, z: 0}
  m_LocalScale: {x: 0.62, y: 0.62, z: 1}
  m_Children:
  - {fileID: 6037382132804618601}
  - {fileID: 3383980863894439404}
  m_Father: {fileID: 0}
  m_RootOrder: 0
  m_LocalEulerAnglesHint: {x: 0, y: 0, z: 0}
  m_AnchorMin: {x: 0, y: 0}
  m_AnchorMax: {x: 1, y: 0}
  m_AnchoredPosition: {x: 0, y: 30}
  m_SizeDelta: {x: 0, y: 60}
  m_Pivot: {x: 0.5, y: 0.5}
--- !u!114 &243346908630619151
MonoBehaviour:
  m_ObjectHideFlags: 0
  m_CorrespondingSourceObject: {fileID: 0}
  m_PrefabInstance: {fileID: 0}
  m_PrefabAsset: {fileID: 0}
  m_GameObject: {fileID: 3478370400505023724}
  m_Enabled: 1
  m_EditorHideFlags: 0
  m_Script: {fileID: 11500000, guid: 151bcef882e61f94cb466cee5e0957a0, type: 3}
  m_Name: 
  m_EditorClassIdentifier: 
  _PotionSlots:
  - {fileID: 2975576124875184358}
  - {fileID: 8731365242952373108}
  - {fileID: 4389934194722773406}
  - {fileID: 3261815912321126956}
  - {fileID: 1596627171916270479}
  - {fileID: 40460253304438372}
  - {fileID: 1652931555600874069}
  - {fileID: 8031787892078613205}
--- !u!1 &8358396156812230517
GameObject:
  m_ObjectHideFlags: 0
  m_CorrespondingSourceObject: {fileID: 0}
  m_PrefabInstance: {fileID: 0}
  m_PrefabAsset: {fileID: 0}
  serializedVersion: 6
  m_Component:
  - component: {fileID: 3383980863894439404}
  - component: {fileID: 8555954075011781172}
  - component: {fileID: 1716665974809456562}
  m_Layer: 0
  m_Name: Bandolier
  m_TagString: Untagged
  m_Icon: {fileID: 0}
  m_NavMeshLayer: 0
  m_StaticEditorFlags: 0
  m_IsActive: 1
--- !u!224 &3383980863894439404
RectTransform:
  m_ObjectHideFlags: 0
  m_CorrespondingSourceObject: {fileID: 0}
  m_PrefabInstance: {fileID: 0}
  m_PrefabAsset: {fileID: 0}
  m_GameObject: {fileID: 8358396156812230517}
  m_LocalRotation: {x: -0, y: -0, z: -0, w: 1}
  m_LocalPosition: {x: 0, y: 0, z: 0}
  m_LocalScale: {x: 1, y: 1, z: 1}
  m_Children:
  - {fileID: 8178528167813488738}
  - {fileID: 2384846065447955440}
  - {fileID: 7266711196866683162}
  - {fileID: 8462522064824380072}
  - {fileID: 5628652107328615179}
  - {fileID: 6393731393736050400}
  - {fileID: 5675875624988869329}
  - {fileID: 3981747466733890129}
  m_Father: {fileID: 1360769522885278843}
  m_RootOrder: 1
  m_LocalEulerAnglesHint: {x: 0, y: 0, z: 0}
  m_AnchorMin: {x: 0.1, y: 0}
  m_AnchorMax: {x: 0.9, y: 1}
  m_AnchoredPosition: {x: 0, y: 0}
  m_SizeDelta: {x: 0, y: 0}
  m_Pivot: {x: 0.5, y: 0.5}
--- !u!222 &8555954075011781172
CanvasRenderer:
  m_ObjectHideFlags: 0
  m_CorrespondingSourceObject: {fileID: 0}
  m_PrefabInstance: {fileID: 0}
  m_PrefabAsset: {fileID: 0}
  m_GameObject: {fileID: 8358396156812230517}
  m_CullTransparentMesh: 1
--- !u!114 &1716665974809456562
MonoBehaviour:
  m_ObjectHideFlags: 0
  m_CorrespondingSourceObject: {fileID: 0}
  m_PrefabInstance: {fileID: 0}
  m_PrefabAsset: {fileID: 0}
  m_GameObject: {fileID: 8358396156812230517}
  m_Enabled: 1
  m_EditorHideFlags: 0
  m_Script: {fileID: 11500000, guid: fe87c0e1cc204ed48ad3b37840f39efc, type: 3}
  m_Name: 
  m_EditorClassIdentifier: 
  m_Material: {fileID: 0}
  m_Color: {r: 1, g: 1, b: 1, a: 1}
  m_RaycastTarget: 1
  m_RaycastPadding: {x: 0, y: 0, z: 0, w: 0}
  m_Maskable: 1
  m_OnCullStateChanged:
    m_PersistentCalls:
      m_Calls: []
  m_Sprite: {fileID: 21300000, guid: 2a167d881f2afc345831051d86bb558e, type: 3}
  m_Type: 0
  m_PreserveAspect: 0
  m_FillCenter: 1
  m_FillMethod: 4
  m_FillAmount: 1
  m_FillClockwise: 1
  m_FillOrigin: 0
  m_UseSpriteMesh: 0
  m_PixelsPerUnitMultiplier: 1
--- !u!1001 &1095703695983506675
PrefabInstance:
  m_ObjectHideFlags: 0
  serializedVersion: 2
  m_Modification:
    m_TransformParent: {fileID: 3383980863894439404}
    m_Modifications:
    - target: {fileID: 3383716369741345874, guid: e93d8dfec498b774981da153b0013aa7,
        type: 3}
      propertyPath: m_Name
      value: PotionRenderer (5)
      objectReference: {fileID: 0}
    - target: {fileID: 6309437967392535059, guid: e93d8dfec498b774981da153b0013aa7,
        type: 3}
      propertyPath: m_Pivot.x
      value: 0.5
      objectReference: {fileID: 0}
    - target: {fileID: 6309437967392535059, guid: e93d8dfec498b774981da153b0013aa7,
        type: 3}
      propertyPath: m_Pivot.y
      value: 0.5
      objectReference: {fileID: 0}
    - target: {fileID: 6309437967392535059, guid: e93d8dfec498b774981da153b0013aa7,
        type: 3}
      propertyPath: m_RootOrder
      value: 5
      objectReference: {fileID: 0}
    - target: {fileID: 6309437967392535059, guid: e93d8dfec498b774981da153b0013aa7,
        type: 3}
      propertyPath: m_AnchorMax.x
      value: 0.5
      objectReference: {fileID: 0}
    - target: {fileID: 6309437967392535059, guid: e93d8dfec498b774981da153b0013aa7,
        type: 3}
      propertyPath: m_AnchorMax.y
      value: 0.5
      objectReference: {fileID: 0}
    - target: {fileID: 6309437967392535059, guid: e93d8dfec498b774981da153b0013aa7,
        type: 3}
      propertyPath: m_AnchorMin.x
      value: 0.5
      objectReference: {fileID: 0}
    - target: {fileID: 6309437967392535059, guid: e93d8dfec498b774981da153b0013aa7,
        type: 3}
      propertyPath: m_AnchorMin.y
      value: 0.5
      objectReference: {fileID: 0}
    - target: {fileID: 6309437967392535059, guid: e93d8dfec498b774981da153b0013aa7,
        type: 3}
      propertyPath: m_SizeDelta.x
      value: 80
      objectReference: {fileID: 0}
    - target: {fileID: 6309437967392535059, guid: e93d8dfec498b774981da153b0013aa7,
        type: 3}
      propertyPath: m_SizeDelta.y
      value: 120
      objectReference: {fileID: 0}
    - target: {fileID: 6309437967392535059, guid: e93d8dfec498b774981da153b0013aa7,
        type: 3}
      propertyPath: m_LocalPosition.x
      value: 0
      objectReference: {fileID: 0}
    - target: {fileID: 6309437967392535059, guid: e93d8dfec498b774981da153b0013aa7,
        type: 3}
      propertyPath: m_LocalPosition.y
      value: 0
      objectReference: {fileID: 0}
    - target: {fileID: 6309437967392535059, guid: e93d8dfec498b774981da153b0013aa7,
        type: 3}
      propertyPath: m_LocalPosition.z
      value: 0
      objectReference: {fileID: 0}
    - target: {fileID: 6309437967392535059, guid: e93d8dfec498b774981da153b0013aa7,
        type: 3}
      propertyPath: m_LocalRotation.w
      value: 1
      objectReference: {fileID: 0}
    - target: {fileID: 6309437967392535059, guid: e93d8dfec498b774981da153b0013aa7,
        type: 3}
      propertyPath: m_LocalRotation.x
      value: -0
      objectReference: {fileID: 0}
    - target: {fileID: 6309437967392535059, guid: e93d8dfec498b774981da153b0013aa7,
        type: 3}
      propertyPath: m_LocalRotation.y
      value: -0
      objectReference: {fileID: 0}
    - target: {fileID: 6309437967392535059, guid: e93d8dfec498b774981da153b0013aa7,
        type: 3}
      propertyPath: m_LocalRotation.z
      value: -0
      objectReference: {fileID: 0}
    - target: {fileID: 6309437967392535059, guid: e93d8dfec498b774981da153b0013aa7,
        type: 3}
      propertyPath: m_AnchoredPosition.x
      value: 103
      objectReference: {fileID: 0}
    - target: {fileID: 6309437967392535059, guid: e93d8dfec498b774981da153b0013aa7,
        type: 3}
      propertyPath: m_AnchoredPosition.y
      value: 10
      objectReference: {fileID: 0}
    - target: {fileID: 6309437967392535059, guid: e93d8dfec498b774981da153b0013aa7,
        type: 3}
      propertyPath: m_LocalEulerAnglesHint.x
      value: 0
      objectReference: {fileID: 0}
    - target: {fileID: 6309437967392535059, guid: e93d8dfec498b774981da153b0013aa7,
        type: 3}
      propertyPath: m_LocalEulerAnglesHint.y
      value: 0
      objectReference: {fileID: 0}
    - target: {fileID: 6309437967392535059, guid: e93d8dfec498b774981da153b0013aa7,
        type: 3}
      propertyPath: m_LocalEulerAnglesHint.z
      value: 0
      objectReference: {fileID: 0}
    m_RemovedComponents: []
  m_SourcePrefab: {fileID: 100100000, guid: e93d8dfec498b774981da153b0013aa7, type: 3}
--- !u!114 &40460253304438372 stripped
MonoBehaviour:
  m_CorrespondingSourceObject: {fileID: 1133507247869414039, guid: e93d8dfec498b774981da153b0013aa7,
    type: 3}
  m_PrefabInstance: {fileID: 1095703695983506675}
  m_PrefabAsset: {fileID: 0}
  m_GameObject: {fileID: 0}
  m_Enabled: 1
  m_EditorHideFlags: 0
  m_Script: {fileID: 11500000, guid: 80de421085c1f6c4e80f0fdac7393c32, type: 3}
  m_Name: 
  m_EditorClassIdentifier: 
--- !u!224 &6393731393736050400 stripped
RectTransform:
  m_CorrespondingSourceObject: {fileID: 6309437967392535059, guid: e93d8dfec498b774981da153b0013aa7,
    type: 3}
  m_PrefabInstance: {fileID: 1095703695983506675}
  m_PrefabAsset: {fileID: 0}
--- !u!1001 &1822658948332384450
PrefabInstance:
  m_ObjectHideFlags: 0
  serializedVersion: 2
  m_Modification:
    m_TransformParent: {fileID: 3383980863894439404}
    m_Modifications:
    - target: {fileID: 3383716369741345874, guid: e93d8dfec498b774981da153b0013aa7,
        type: 3}
      propertyPath: m_Name
      value: PotionRenderer (6)
      objectReference: {fileID: 0}
    - target: {fileID: 6309437967392535059, guid: e93d8dfec498b774981da153b0013aa7,
        type: 3}
      propertyPath: m_Pivot.x
      value: 0.5
      objectReference: {fileID: 0}
    - target: {fileID: 6309437967392535059, guid: e93d8dfec498b774981da153b0013aa7,
        type: 3}
      propertyPath: m_Pivot.y
      value: 0.5
      objectReference: {fileID: 0}
    - target: {fileID: 6309437967392535059, guid: e93d8dfec498b774981da153b0013aa7,
        type: 3}
      propertyPath: m_RootOrder
      value: 6
      objectReference: {fileID: 0}
    - target: {fileID: 6309437967392535059, guid: e93d8dfec498b774981da153b0013aa7,
        type: 3}
      propertyPath: m_AnchorMax.x
      value: 0.5
      objectReference: {fileID: 0}
    - target: {fileID: 6309437967392535059, guid: e93d8dfec498b774981da153b0013aa7,
        type: 3}
      propertyPath: m_AnchorMax.y
      value: 0.5
      objectReference: {fileID: 0}
    - target: {fileID: 6309437967392535059, guid: e93d8dfec498b774981da153b0013aa7,
        type: 3}
      propertyPath: m_AnchorMin.x
      value: 0.5
      objectReference: {fileID: 0}
    - target: {fileID: 6309437967392535059, guid: e93d8dfec498b774981da153b0013aa7,
        type: 3}
      propertyPath: m_AnchorMin.y
      value: 0.5
      objectReference: {fileID: 0}
    - target: {fileID: 6309437967392535059, guid: e93d8dfec498b774981da153b0013aa7,
        type: 3}
      propertyPath: m_SizeDelta.x
      value: 80
      objectReference: {fileID: 0}
    - target: {fileID: 6309437967392535059, guid: e93d8dfec498b774981da153b0013aa7,
        type: 3}
      propertyPath: m_SizeDelta.y
      value: 120
      objectReference: {fileID: 0}
    - target: {fileID: 6309437967392535059, guid: e93d8dfec498b774981da153b0013aa7,
        type: 3}
      propertyPath: m_LocalPosition.x
      value: 0
      objectReference: {fileID: 0}
    - target: {fileID: 6309437967392535059, guid: e93d8dfec498b774981da153b0013aa7,
        type: 3}
      propertyPath: m_LocalPosition.y
      value: 0
      objectReference: {fileID: 0}
    - target: {fileID: 6309437967392535059, guid: e93d8dfec498b774981da153b0013aa7,
        type: 3}
      propertyPath: m_LocalPosition.z
      value: 0
      objectReference: {fileID: 0}
    - target: {fileID: 6309437967392535059, guid: e93d8dfec498b774981da153b0013aa7,
        type: 3}
      propertyPath: m_LocalRotation.w
      value: 1
      objectReference: {fileID: 0}
    - target: {fileID: 6309437967392535059, guid: e93d8dfec498b774981da153b0013aa7,
        type: 3}
      propertyPath: m_LocalRotation.x
      value: -0
      objectReference: {fileID: 0}
    - target: {fileID: 6309437967392535059, guid: e93d8dfec498b774981da153b0013aa7,
        type: 3}
      propertyPath: m_LocalRotation.y
      value: -0
      objectReference: {fileID: 0}
    - target: {fileID: 6309437967392535059, guid: e93d8dfec498b774981da153b0013aa7,
        type: 3}
      propertyPath: m_LocalRotation.z
      value: -0
      objectReference: {fileID: 0}
    - target: {fileID: 6309437967392535059, guid: e93d8dfec498b774981da153b0013aa7,
        type: 3}
      propertyPath: m_AnchoredPosition.x
      value: 168
      objectReference: {fileID: 0}
    - target: {fileID: 6309437967392535059, guid: e93d8dfec498b774981da153b0013aa7,
        type: 3}
      propertyPath: m_AnchoredPosition.y
      value: 10
      objectReference: {fileID: 0}
    - target: {fileID: 6309437967392535059, guid: e93d8dfec498b774981da153b0013aa7,
        type: 3}
      propertyPath: m_LocalEulerAnglesHint.x
      value: 0
      objectReference: {fileID: 0}
    - target: {fileID: 6309437967392535059, guid: e93d8dfec498b774981da153b0013aa7,
        type: 3}
      propertyPath: m_LocalEulerAnglesHint.y
      value: 0
      objectReference: {fileID: 0}
    - target: {fileID: 6309437967392535059, guid: e93d8dfec498b774981da153b0013aa7,
        type: 3}
      propertyPath: m_LocalEulerAnglesHint.z
      value: 0
      objectReference: {fileID: 0}
    m_RemovedComponents: []
  m_SourcePrefab: {fileID: 100100000, guid: e93d8dfec498b774981da153b0013aa7, type: 3}
--- !u!114 &1652931555600874069 stripped
MonoBehaviour:
  m_CorrespondingSourceObject: {fileID: 1133507247869414039, guid: e93d8dfec498b774981da153b0013aa7,
    type: 3}
  m_PrefabInstance: {fileID: 1822658948332384450}
  m_PrefabAsset: {fileID: 0}
  m_GameObject: {fileID: 0}
  m_Enabled: 1
  m_EditorHideFlags: 0
  m_Script: {fileID: 11500000, guid: 80de421085c1f6c4e80f0fdac7393c32, type: 3}
  m_Name: 
  m_EditorClassIdentifier: 
--- !u!224 &5675875624988869329 stripped
RectTransform:
  m_CorrespondingSourceObject: {fileID: 6309437967392535059, guid: e93d8dfec498b774981da153b0013aa7,
    type: 3}
  m_PrefabInstance: {fileID: 1822658948332384450}
  m_PrefabAsset: {fileID: 0}
--- !u!1001 &1842919073258144024
PrefabInstance:
  m_ObjectHideFlags: 0
  serializedVersion: 2
  m_Modification:
    m_TransformParent: {fileID: 3383980863894439404}
    m_Modifications:
    - target: {fileID: 3383716369741345874, guid: e93d8dfec498b774981da153b0013aa7,
        type: 3}
      propertyPath: m_Name
      value: PotionRenderer (4)
      objectReference: {fileID: 0}
    - target: {fileID: 6309437967392535059, guid: e93d8dfec498b774981da153b0013aa7,
        type: 3}
      propertyPath: m_Pivot.x
      value: 0.5
      objectReference: {fileID: 0}
    - target: {fileID: 6309437967392535059, guid: e93d8dfec498b774981da153b0013aa7,
        type: 3}
      propertyPath: m_Pivot.y
      value: 0.5
      objectReference: {fileID: 0}
    - target: {fileID: 6309437967392535059, guid: e93d8dfec498b774981da153b0013aa7,
        type: 3}
      propertyPath: m_RootOrder
      value: 4
      objectReference: {fileID: 0}
    - target: {fileID: 6309437967392535059, guid: e93d8dfec498b774981da153b0013aa7,
        type: 3}
      propertyPath: m_AnchorMax.x
      value: 0.5
      objectReference: {fileID: 0}
    - target: {fileID: 6309437967392535059, guid: e93d8dfec498b774981da153b0013aa7,
        type: 3}
      propertyPath: m_AnchorMax.y
      value: 0.5
      objectReference: {fileID: 0}
    - target: {fileID: 6309437967392535059, guid: e93d8dfec498b774981da153b0013aa7,
        type: 3}
      propertyPath: m_AnchorMin.x
      value: 0.5
      objectReference: {fileID: 0}
    - target: {fileID: 6309437967392535059, guid: e93d8dfec498b774981da153b0013aa7,
        type: 3}
      propertyPath: m_AnchorMin.y
      value: 0.5
      objectReference: {fileID: 0}
    - target: {fileID: 6309437967392535059, guid: e93d8dfec498b774981da153b0013aa7,
        type: 3}
      propertyPath: m_SizeDelta.x
      value: 80
      objectReference: {fileID: 0}
    - target: {fileID: 6309437967392535059, guid: e93d8dfec498b774981da153b0013aa7,
        type: 3}
      propertyPath: m_SizeDelta.y
      value: 120
      objectReference: {fileID: 0}
    - target: {fileID: 6309437967392535059, guid: e93d8dfec498b774981da153b0013aa7,
        type: 3}
      propertyPath: m_LocalPosition.x
      value: 0
      objectReference: {fileID: 0}
    - target: {fileID: 6309437967392535059, guid: e93d8dfec498b774981da153b0013aa7,
        type: 3}
      propertyPath: m_LocalPosition.y
      value: 0
      objectReference: {fileID: 0}
    - target: {fileID: 6309437967392535059, guid: e93d8dfec498b774981da153b0013aa7,
        type: 3}
      propertyPath: m_LocalPosition.z
      value: 0
      objectReference: {fileID: 0}
    - target: {fileID: 6309437967392535059, guid: e93d8dfec498b774981da153b0013aa7,
        type: 3}
      propertyPath: m_LocalRotation.w
      value: 1
      objectReference: {fileID: 0}
    - target: {fileID: 6309437967392535059, guid: e93d8dfec498b774981da153b0013aa7,
        type: 3}
      propertyPath: m_LocalRotation.x
      value: -0
      objectReference: {fileID: 0}
    - target: {fileID: 6309437967392535059, guid: e93d8dfec498b774981da153b0013aa7,
        type: 3}
      propertyPath: m_LocalRotation.y
      value: -0
      objectReference: {fileID: 0}
    - target: {fileID: 6309437967392535059, guid: e93d8dfec498b774981da153b0013aa7,
        type: 3}
      propertyPath: m_LocalRotation.z
      value: -0
      objectReference: {fileID: 0}
    - target: {fileID: 6309437967392535059, guid: e93d8dfec498b774981da153b0013aa7,
        type: 3}
      propertyPath: m_AnchoredPosition.x
      value: 39
      objectReference: {fileID: 0}
    - target: {fileID: 6309437967392535059, guid: e93d8dfec498b774981da153b0013aa7,
        type: 3}
      propertyPath: m_AnchoredPosition.y
      value: 10
      objectReference: {fileID: 0}
    - target: {fileID: 6309437967392535059, guid: e93d8dfec498b774981da153b0013aa7,
        type: 3}
      propertyPath: m_LocalEulerAnglesHint.x
      value: 0
      objectReference: {fileID: 0}
    - target: {fileID: 6309437967392535059, guid: e93d8dfec498b774981da153b0013aa7,
        type: 3}
      propertyPath: m_LocalEulerAnglesHint.y
      value: 0
      objectReference: {fileID: 0}
    - target: {fileID: 6309437967392535059, guid: e93d8dfec498b774981da153b0013aa7,
        type: 3}
      propertyPath: m_LocalEulerAnglesHint.z
      value: 0
      objectReference: {fileID: 0}
    m_RemovedComponents: []
  m_SourcePrefab: {fileID: 100100000, guid: e93d8dfec498b774981da153b0013aa7, type: 3}
--- !u!114 &1596627171916270479 stripped
MonoBehaviour:
  m_CorrespondingSourceObject: {fileID: 1133507247869414039, guid: e93d8dfec498b774981da153b0013aa7,
    type: 3}
  m_PrefabInstance: {fileID: 1842919073258144024}
  m_PrefabAsset: {fileID: 0}
  m_GameObject: {fileID: 0}
  m_Enabled: 1
  m_EditorHideFlags: 0
  m_Script: {fileID: 11500000, guid: 80de421085c1f6c4e80f0fdac7393c32, type: 3}
  m_Name: 
  m_EditorClassIdentifier: 
--- !u!224 &5628652107328615179 stripped
RectTransform:
  m_CorrespondingSourceObject: {fileID: 6309437967392535059, guid: e93d8dfec498b774981da153b0013aa7,
    type: 3}
  m_PrefabInstance: {fileID: 1842919073258144024}
  m_PrefabAsset: {fileID: 0}
--- !u!1001 &2521816351350741179
PrefabInstance:
  m_ObjectHideFlags: 0
  serializedVersion: 2
  m_Modification:
    m_TransformParent: {fileID: 3383980863894439404}
    m_Modifications:
    - target: {fileID: 3383716369741345874, guid: e93d8dfec498b774981da153b0013aa7,
        type: 3}
      propertyPath: m_Name
      value: PotionRenderer (3)
      objectReference: {fileID: 0}
    - target: {fileID: 6309437967392535059, guid: e93d8dfec498b774981da153b0013aa7,
        type: 3}
      propertyPath: m_Pivot.x
      value: 0.5
      objectReference: {fileID: 0}
    - target: {fileID: 6309437967392535059, guid: e93d8dfec498b774981da153b0013aa7,
        type: 3}
      propertyPath: m_Pivot.y
      value: 0.5
      objectReference: {fileID: 0}
    - target: {fileID: 6309437967392535059, guid: e93d8dfec498b774981da153b0013aa7,
        type: 3}
      propertyPath: m_RootOrder
      value: 3
      objectReference: {fileID: 0}
    - target: {fileID: 6309437967392535059, guid: e93d8dfec498b774981da153b0013aa7,
        type: 3}
      propertyPath: m_AnchorMax.x
      value: 0.5
      objectReference: {fileID: 0}
    - target: {fileID: 6309437967392535059, guid: e93d8dfec498b774981da153b0013aa7,
        type: 3}
      propertyPath: m_AnchorMax.y
      value: 0.5
      objectReference: {fileID: 0}
    - target: {fileID: 6309437967392535059, guid: e93d8dfec498b774981da153b0013aa7,
        type: 3}
      propertyPath: m_AnchorMin.x
      value: 0.5
      objectReference: {fileID: 0}
    - target: {fileID: 6309437967392535059, guid: e93d8dfec498b774981da153b0013aa7,
        type: 3}
      propertyPath: m_AnchorMin.y
      value: 0.5
      objectReference: {fileID: 0}
    - target: {fileID: 6309437967392535059, guid: e93d8dfec498b774981da153b0013aa7,
        type: 3}
      propertyPath: m_SizeDelta.x
      value: 80
      objectReference: {fileID: 0}
    - target: {fileID: 6309437967392535059, guid: e93d8dfec498b774981da153b0013aa7,
        type: 3}
      propertyPath: m_SizeDelta.y
      value: 120
      objectReference: {fileID: 0}
    - target: {fileID: 6309437967392535059, guid: e93d8dfec498b774981da153b0013aa7,
        type: 3}
      propertyPath: m_LocalPosition.x
      value: 0
      objectReference: {fileID: 0}
    - target: {fileID: 6309437967392535059, guid: e93d8dfec498b774981da153b0013aa7,
        type: 3}
      propertyPath: m_LocalPosition.y
      value: 0
      objectReference: {fileID: 0}
    - target: {fileID: 6309437967392535059, guid: e93d8dfec498b774981da153b0013aa7,
        type: 3}
      propertyPath: m_LocalPosition.z
      value: 0
      objectReference: {fileID: 0}
    - target: {fileID: 6309437967392535059, guid: e93d8dfec498b774981da153b0013aa7,
        type: 3}
      propertyPath: m_LocalRotation.w
      value: 1
      objectReference: {fileID: 0}
    - target: {fileID: 6309437967392535059, guid: e93d8dfec498b774981da153b0013aa7,
        type: 3}
      propertyPath: m_LocalRotation.x
      value: -0
      objectReference: {fileID: 0}
    - target: {fileID: 6309437967392535059, guid: e93d8dfec498b774981da153b0013aa7,
        type: 3}
      propertyPath: m_LocalRotation.y
      value: -0
      objectReference: {fileID: 0}
    - target: {fileID: 6309437967392535059, guid: e93d8dfec498b774981da153b0013aa7,
        type: 3}
      propertyPath: m_LocalRotation.z
      value: -0
      objectReference: {fileID: 0}
    - target: {fileID: 6309437967392535059, guid: e93d8dfec498b774981da153b0013aa7,
        type: 3}
      propertyPath: m_AnchoredPosition.x
      value: -34
      objectReference: {fileID: 0}
    - target: {fileID: 6309437967392535059, guid: e93d8dfec498b774981da153b0013aa7,
        type: 3}
      propertyPath: m_AnchoredPosition.y
      value: 10
      objectReference: {fileID: 0}
    - target: {fileID: 6309437967392535059, guid: e93d8dfec498b774981da153b0013aa7,
        type: 3}
      propertyPath: m_LocalEulerAnglesHint.x
      value: 0
      objectReference: {fileID: 0}
    - target: {fileID: 6309437967392535059, guid: e93d8dfec498b774981da153b0013aa7,
        type: 3}
      propertyPath: m_LocalEulerAnglesHint.y
      value: 0
      objectReference: {fileID: 0}
    - target: {fileID: 6309437967392535059, guid: e93d8dfec498b774981da153b0013aa7,
        type: 3}
      propertyPath: m_LocalEulerAnglesHint.z
      value: 0
      objectReference: {fileID: 0}
    m_RemovedComponents: []
  m_SourcePrefab: {fileID: 100100000, guid: e93d8dfec498b774981da153b0013aa7, type: 3}
--- !u!224 &8462522064824380072 stripped
RectTransform:
  m_CorrespondingSourceObject: {fileID: 6309437967392535059, guid: e93d8dfec498b774981da153b0013aa7,
    type: 3}
  m_PrefabInstance: {fileID: 2521816351350741179}
  m_PrefabAsset: {fileID: 0}
--- !u!114 &3261815912321126956 stripped
MonoBehaviour:
  m_CorrespondingSourceObject: {fileID: 1133507247869414039, guid: e93d8dfec498b774981da153b0013aa7,
    type: 3}
  m_PrefabInstance: {fileID: 2521816351350741179}
  m_PrefabAsset: {fileID: 0}
  m_GameObject: {fileID: 0}
  m_Enabled: 1
  m_EditorHideFlags: 0
  m_Script: {fileID: 11500000, guid: 80de421085c1f6c4e80f0fdac7393c32, type: 3}
  m_Name: 
  m_EditorClassIdentifier: 
--- !u!1001 &2805839799448490609
PrefabInstance:
  m_ObjectHideFlags: 0
  serializedVersion: 2
  m_Modification:
    m_TransformParent: {fileID: 3383980863894439404}
    m_Modifications:
    - target: {fileID: 3383716369741345874, guid: e93d8dfec498b774981da153b0013aa7,
        type: 3}
      propertyPath: m_Name
      value: PotionRenderer
      objectReference: {fileID: 0}
    - target: {fileID: 6309437967392535059, guid: e93d8dfec498b774981da153b0013aa7,
        type: 3}
      propertyPath: m_Pivot.x
      value: 0.5
      objectReference: {fileID: 0}
    - target: {fileID: 6309437967392535059, guid: e93d8dfec498b774981da153b0013aa7,
        type: 3}
      propertyPath: m_Pivot.y
      value: 0.5
      objectReference: {fileID: 0}
    - target: {fileID: 6309437967392535059, guid: e93d8dfec498b774981da153b0013aa7,
        type: 3}
      propertyPath: m_RootOrder
      value: 0
      objectReference: {fileID: 0}
    - target: {fileID: 6309437967392535059, guid: e93d8dfec498b774981da153b0013aa7,
        type: 3}
      propertyPath: m_AnchorMax.x
      value: 0.5
      objectReference: {fileID: 0}
    - target: {fileID: 6309437967392535059, guid: e93d8dfec498b774981da153b0013aa7,
        type: 3}
      propertyPath: m_AnchorMax.y
      value: 0.5
      objectReference: {fileID: 0}
    - target: {fileID: 6309437967392535059, guid: e93d8dfec498b774981da153b0013aa7,
        type: 3}
      propertyPath: m_AnchorMin.x
      value: 0.5
      objectReference: {fileID: 0}
    - target: {fileID: 6309437967392535059, guid: e93d8dfec498b774981da153b0013aa7,
        type: 3}
      propertyPath: m_AnchorMin.y
      value: 0.5
      objectReference: {fileID: 0}
    - target: {fileID: 6309437967392535059, guid: e93d8dfec498b774981da153b0013aa7,
        type: 3}
      propertyPath: m_SizeDelta.x
      value: 80
      objectReference: {fileID: 0}
    - target: {fileID: 6309437967392535059, guid: e93d8dfec498b774981da153b0013aa7,
        type: 3}
      propertyPath: m_SizeDelta.y
      value: 120
      objectReference: {fileID: 0}
    - target: {fileID: 6309437967392535059, guid: e93d8dfec498b774981da153b0013aa7,
        type: 3}
      propertyPath: m_LocalPosition.x
      value: 0
      objectReference: {fileID: 0}
    - target: {fileID: 6309437967392535059, guid: e93d8dfec498b774981da153b0013aa7,
        type: 3}
      propertyPath: m_LocalPosition.y
      value: 0
      objectReference: {fileID: 0}
    - target: {fileID: 6309437967392535059, guid: e93d8dfec498b774981da153b0013aa7,
        type: 3}
      propertyPath: m_LocalPosition.z
      value: 0
      objectReference: {fileID: 0}
    - target: {fileID: 6309437967392535059, guid: e93d8dfec498b774981da153b0013aa7,
        type: 3}
      propertyPath: m_LocalRotation.w
      value: 1
      objectReference: {fileID: 0}
    - target: {fileID: 6309437967392535059, guid: e93d8dfec498b774981da153b0013aa7,
        type: 3}
      propertyPath: m_LocalRotation.x
      value: -0
      objectReference: {fileID: 0}
    - target: {fileID: 6309437967392535059, guid: e93d8dfec498b774981da153b0013aa7,
        type: 3}
      propertyPath: m_LocalRotation.y
      value: -0
      objectReference: {fileID: 0}
    - target: {fileID: 6309437967392535059, guid: e93d8dfec498b774981da153b0013aa7,
        type: 3}
      propertyPath: m_LocalRotation.z
      value: -0
      objectReference: {fileID: 0}
    - target: {fileID: 6309437967392535059, guid: e93d8dfec498b774981da153b0013aa7,
        type: 3}
      propertyPath: m_AnchoredPosition.x
      value: -234.6
      objectReference: {fileID: 0}
    - target: {fileID: 6309437967392535059, guid: e93d8dfec498b774981da153b0013aa7,
        type: 3}
      propertyPath: m_AnchoredPosition.y
      value: 10
      objectReference: {fileID: 0}
    - target: {fileID: 6309437967392535059, guid: e93d8dfec498b774981da153b0013aa7,
        type: 3}
      propertyPath: m_LocalEulerAnglesHint.x
      value: 0
      objectReference: {fileID: 0}
    - target: {fileID: 6309437967392535059, guid: e93d8dfec498b774981da153b0013aa7,
        type: 3}
      propertyPath: m_LocalEulerAnglesHint.y
      value: 0
      objectReference: {fileID: 0}
    - target: {fileID: 6309437967392535059, guid: e93d8dfec498b774981da153b0013aa7,
        type: 3}
      propertyPath: m_LocalEulerAnglesHint.z
      value: 0
      objectReference: {fileID: 0}
    m_RemovedComponents: []
  m_SourcePrefab: {fileID: 100100000, guid: e93d8dfec498b774981da153b0013aa7, type: 3}
--- !u!114 &2975576124875184358 stripped
MonoBehaviour:
  m_CorrespondingSourceObject: {fileID: 1133507247869414039, guid: e93d8dfec498b774981da153b0013aa7,
    type: 3}
  m_PrefabInstance: {fileID: 2805839799448490609}
  m_PrefabAsset: {fileID: 0}
  m_GameObject: {fileID: 0}
  m_Enabled: 1
  m_EditorHideFlags: 0
  m_Script: {fileID: 11500000, guid: 80de421085c1f6c4e80f0fdac7393c32, type: 3}
  m_Name: 
  m_EditorClassIdentifier: 
--- !u!224 &8178528167813488738 stripped
RectTransform:
  m_CorrespondingSourceObject: {fileID: 6309437967392535059, guid: e93d8dfec498b774981da153b0013aa7,
    type: 3}
  m_PrefabInstance: {fileID: 2805839799448490609}
  m_PrefabAsset: {fileID: 0}
--- !u!1001 &3699473113669227273
PrefabInstance:
  m_ObjectHideFlags: 0
  serializedVersion: 2
  m_Modification:
    m_TransformParent: {fileID: 3383980863894439404}
    m_Modifications:
    - target: {fileID: 3383716369741345874, guid: e93d8dfec498b774981da153b0013aa7,
        type: 3}
      propertyPath: m_Name
      value: PotionRenderer (2)
      objectReference: {fileID: 0}
    - target: {fileID: 6309437967392535059, guid: e93d8dfec498b774981da153b0013aa7,
        type: 3}
      propertyPath: m_Pivot.x
      value: 0.5
      objectReference: {fileID: 0}
    - target: {fileID: 6309437967392535059, guid: e93d8dfec498b774981da153b0013aa7,
        type: 3}
      propertyPath: m_Pivot.y
      value: 0.5
      objectReference: {fileID: 0}
    - target: {fileID: 6309437967392535059, guid: e93d8dfec498b774981da153b0013aa7,
        type: 3}
      propertyPath: m_RootOrder
      value: 2
      objectReference: {fileID: 0}
    - target: {fileID: 6309437967392535059, guid: e93d8dfec498b774981da153b0013aa7,
        type: 3}
      propertyPath: m_AnchorMax.x
      value: 0.5
      objectReference: {fileID: 0}
    - target: {fileID: 6309437967392535059, guid: e93d8dfec498b774981da153b0013aa7,
        type: 3}
      propertyPath: m_AnchorMax.y
      value: 0.5
      objectReference: {fileID: 0}
    - target: {fileID: 6309437967392535059, guid: e93d8dfec498b774981da153b0013aa7,
        type: 3}
      propertyPath: m_AnchorMin.x
      value: 0.5
      objectReference: {fileID: 0}
    - target: {fileID: 6309437967392535059, guid: e93d8dfec498b774981da153b0013aa7,
        type: 3}
      propertyPath: m_AnchorMin.y
      value: 0.5
      objectReference: {fileID: 0}
    - target: {fileID: 6309437967392535059, guid: e93d8dfec498b774981da153b0013aa7,
        type: 3}
      propertyPath: m_SizeDelta.x
      value: 80
      objectReference: {fileID: 0}
    - target: {fileID: 6309437967392535059, guid: e93d8dfec498b774981da153b0013aa7,
        type: 3}
      propertyPath: m_SizeDelta.y
      value: 120
      objectReference: {fileID: 0}
    - target: {fileID: 6309437967392535059, guid: e93d8dfec498b774981da153b0013aa7,
        type: 3}
      propertyPath: m_LocalPosition.x
      value: 0
      objectReference: {fileID: 0}
    - target: {fileID: 6309437967392535059, guid: e93d8dfec498b774981da153b0013aa7,
        type: 3}
      propertyPath: m_LocalPosition.y
      value: 0
      objectReference: {fileID: 0}
    - target: {fileID: 6309437967392535059, guid: e93d8dfec498b774981da153b0013aa7,
        type: 3}
      propertyPath: m_LocalPosition.z
      value: 0
      objectReference: {fileID: 0}
    - target: {fileID: 6309437967392535059, guid: e93d8dfec498b774981da153b0013aa7,
        type: 3}
      propertyPath: m_LocalRotation.w
      value: 1
      objectReference: {fileID: 0}
    - target: {fileID: 6309437967392535059, guid: e93d8dfec498b774981da153b0013aa7,
        type: 3}
      propertyPath: m_LocalRotation.x
      value: -0
      objectReference: {fileID: 0}
    - target: {fileID: 6309437967392535059, guid: e93d8dfec498b774981da153b0013aa7,
        type: 3}
      propertyPath: m_LocalRotation.y
      value: -0
      objectReference: {fileID: 0}
    - target: {fileID: 6309437967392535059, guid: e93d8dfec498b774981da153b0013aa7,
        type: 3}
      propertyPath: m_LocalRotation.z
      value: -0
      objectReference: {fileID: 0}
    - target: {fileID: 6309437967392535059, guid: e93d8dfec498b774981da153b0013aa7,
        type: 3}
      propertyPath: m_AnchoredPosition.x
      value: -101
      objectReference: {fileID: 0}
    - target: {fileID: 6309437967392535059, guid: e93d8dfec498b774981da153b0013aa7,
        type: 3}
      propertyPath: m_AnchoredPosition.y
      value: 10
      objectReference: {fileID: 0}
    - target: {fileID: 6309437967392535059, guid: e93d8dfec498b774981da153b0013aa7,
        type: 3}
      propertyPath: m_LocalEulerAnglesHint.x
      value: 0
      objectReference: {fileID: 0}
    - target: {fileID: 6309437967392535059, guid: e93d8dfec498b774981da153b0013aa7,
        type: 3}
      propertyPath: m_LocalEulerAnglesHint.y
      value: 0
      objectReference: {fileID: 0}
    - target: {fileID: 6309437967392535059, guid: e93d8dfec498b774981da153b0013aa7,
        type: 3}
      propertyPath: m_LocalEulerAnglesHint.z
      value: 0
      objectReference: {fileID: 0}
    m_RemovedComponents: []
  m_SourcePrefab: {fileID: 100100000, guid: e93d8dfec498b774981da153b0013aa7, type: 3}
--- !u!114 &4389934194722773406 stripped
MonoBehaviour:
  m_CorrespondingSourceObject: {fileID: 1133507247869414039, guid: e93d8dfec498b774981da153b0013aa7,
    type: 3}
  m_PrefabInstance: {fileID: 3699473113669227273}
  m_PrefabAsset: {fileID: 0}
  m_GameObject: {fileID: 0}
  m_Enabled: 1
  m_EditorHideFlags: 0
  m_Script: {fileID: 11500000, guid: 80de421085c1f6c4e80f0fdac7393c32, type: 3}
  m_Name: 
  m_EditorClassIdentifier: 
--- !u!224 &7266711196866683162 stripped
RectTransform:
  m_CorrespondingSourceObject: {fileID: 6309437967392535059, guid: e93d8dfec498b774981da153b0013aa7,
    type: 3}
  m_PrefabInstance: {fileID: 3699473113669227273}
  m_PrefabAsset: {fileID: 0}
--- !u!1001 &6975409924645279810
PrefabInstance:
  m_ObjectHideFlags: 0
  serializedVersion: 2
  m_Modification:
    m_TransformParent: {fileID: 3383980863894439404}
    m_Modifications:
    - target: {fileID: 3383716369741345874, guid: e93d8dfec498b774981da153b0013aa7,
        type: 3}
      propertyPath: m_Name
      value: PotionRenderer (7)
      objectReference: {fileID: 0}
    - target: {fileID: 6309437967392535059, guid: e93d8dfec498b774981da153b0013aa7,
        type: 3}
      propertyPath: m_Pivot.x
      value: 0.5
      objectReference: {fileID: 0}
    - target: {fileID: 6309437967392535059, guid: e93d8dfec498b774981da153b0013aa7,
        type: 3}
      propertyPath: m_Pivot.y
      value: 0.5
      objectReference: {fileID: 0}
    - target: {fileID: 6309437967392535059, guid: e93d8dfec498b774981da153b0013aa7,
        type: 3}
      propertyPath: m_RootOrder
      value: 7
      objectReference: {fileID: 0}
    - target: {fileID: 6309437967392535059, guid: e93d8dfec498b774981da153b0013aa7,
        type: 3}
      propertyPath: m_AnchorMax.x
      value: 0.5
      objectReference: {fileID: 0}
    - target: {fileID: 6309437967392535059, guid: e93d8dfec498b774981da153b0013aa7,
        type: 3}
      propertyPath: m_AnchorMax.y
      value: 0.5
      objectReference: {fileID: 0}
    - target: {fileID: 6309437967392535059, guid: e93d8dfec498b774981da153b0013aa7,
        type: 3}
      propertyPath: m_AnchorMin.x
      value: 0.5
      objectReference: {fileID: 0}
    - target: {fileID: 6309437967392535059, guid: e93d8dfec498b774981da153b0013aa7,
        type: 3}
      propertyPath: m_AnchorMin.y
      value: 0.5
      objectReference: {fileID: 0}
    - target: {fileID: 6309437967392535059, guid: e93d8dfec498b774981da153b0013aa7,
        type: 3}
      propertyPath: m_SizeDelta.x
      value: 80
      objectReference: {fileID: 0}
    - target: {fileID: 6309437967392535059, guid: e93d8dfec498b774981da153b0013aa7,
        type: 3}
      propertyPath: m_SizeDelta.y
      value: 120
      objectReference: {fileID: 0}
    - target: {fileID: 6309437967392535059, guid: e93d8dfec498b774981da153b0013aa7,
        type: 3}
      propertyPath: m_LocalPosition.x
      value: 0
      objectReference: {fileID: 0}
    - target: {fileID: 6309437967392535059, guid: e93d8dfec498b774981da153b0013aa7,
        type: 3}
      propertyPath: m_LocalPosition.y
      value: 0
      objectReference: {fileID: 0}
    - target: {fileID: 6309437967392535059, guid: e93d8dfec498b774981da153b0013aa7,
        type: 3}
      propertyPath: m_LocalPosition.z
      value: 0
      objectReference: {fileID: 0}
    - target: {fileID: 6309437967392535059, guid: e93d8dfec498b774981da153b0013aa7,
        type: 3}
      propertyPath: m_LocalRotation.w
      value: 1
      objectReference: {fileID: 0}
    - target: {fileID: 6309437967392535059, guid: e93d8dfec498b774981da153b0013aa7,
        type: 3}
      propertyPath: m_LocalRotation.x
      value: -0
      objectReference: {fileID: 0}
    - target: {fileID: 6309437967392535059, guid: e93d8dfec498b774981da153b0013aa7,
        type: 3}
      propertyPath: m_LocalRotation.y
      value: -0
      objectReference: {fileID: 0}
    - target: {fileID: 6309437967392535059, guid: e93d8dfec498b774981da153b0013aa7,
        type: 3}
      propertyPath: m_LocalRotation.z
      value: -0
      objectReference: {fileID: 0}
    - target: {fileID: 6309437967392535059, guid: e93d8dfec498b774981da153b0013aa7,
        type: 3}
      propertyPath: m_AnchoredPosition.x
      value: 236
      objectReference: {fileID: 0}
    - target: {fileID: 6309437967392535059, guid: e93d8dfec498b774981da153b0013aa7,
        type: 3}
      propertyPath: m_AnchoredPosition.y
      value: 10
      objectReference: {fileID: 0}
    - target: {fileID: 6309437967392535059, guid: e93d8dfec498b774981da153b0013aa7,
        type: 3}
      propertyPath: m_LocalEulerAnglesHint.x
      value: 0
      objectReference: {fileID: 0}
    - target: {fileID: 6309437967392535059, guid: e93d8dfec498b774981da153b0013aa7,
        type: 3}
      propertyPath: m_LocalEulerAnglesHint.y
      value: 0
      objectReference: {fileID: 0}
    - target: {fileID: 6309437967392535059, guid: e93d8dfec498b774981da153b0013aa7,
        type: 3}
      propertyPath: m_LocalEulerAnglesHint.z
      value: 0
      objectReference: {fileID: 0}
    m_RemovedComponents: []
  m_SourcePrefab: {fileID: 100100000, guid: e93d8dfec498b774981da153b0013aa7, type: 3}
--- !u!224 &3981747466733890129 stripped
RectTransform:
  m_CorrespondingSourceObject: {fileID: 6309437967392535059, guid: e93d8dfec498b774981da153b0013aa7,
    type: 3}
  m_PrefabInstance: {fileID: 6975409924645279810}
  m_PrefabAsset: {fileID: 0}
--- !u!114 &8031787892078613205 stripped
MonoBehaviour:
  m_CorrespondingSourceObject: {fileID: 1133507247869414039, guid: e93d8dfec498b774981da153b0013aa7,
    type: 3}
  m_PrefabInstance: {fileID: 6975409924645279810}
  m_PrefabAsset: {fileID: 0}
  m_GameObject: {fileID: 0}
  m_Enabled: 1
  m_EditorHideFlags: 0
  m_Script: {fileID: 11500000, guid: 80de421085c1f6c4e80f0fdac7393c32, type: 3}
  m_Name: 
  m_EditorClassIdentifier: 
--- !u!1001 &8545312816964835811
PrefabInstance:
  m_ObjectHideFlags: 0
  serializedVersion: 2
  m_Modification:
    m_TransformParent: {fileID: 3383980863894439404}
    m_Modifications:
    - target: {fileID: 3383716369741345874, guid: e93d8dfec498b774981da153b0013aa7,
        type: 3}
      propertyPath: m_Name
      value: PotionRenderer (1)
      objectReference: {fileID: 0}
    - target: {fileID: 6309437967392535059, guid: e93d8dfec498b774981da153b0013aa7,
        type: 3}
      propertyPath: m_Pivot.x
      value: 0.5
      objectReference: {fileID: 0}
    - target: {fileID: 6309437967392535059, guid: e93d8dfec498b774981da153b0013aa7,
        type: 3}
      propertyPath: m_Pivot.y
      value: 0.5
      objectReference: {fileID: 0}
    - target: {fileID: 6309437967392535059, guid: e93d8dfec498b774981da153b0013aa7,
        type: 3}
      propertyPath: m_RootOrder
      value: 1
      objectReference: {fileID: 0}
    - target: {fileID: 6309437967392535059, guid: e93d8dfec498b774981da153b0013aa7,
        type: 3}
      propertyPath: m_AnchorMax.x
      value: 0.5
      objectReference: {fileID: 0}
    - target: {fileID: 6309437967392535059, guid: e93d8dfec498b774981da153b0013aa7,
        type: 3}
      propertyPath: m_AnchorMax.y
      value: 0.5
      objectReference: {fileID: 0}
    - target: {fileID: 6309437967392535059, guid: e93d8dfec498b774981da153b0013aa7,
        type: 3}
      propertyPath: m_AnchorMin.x
      value: 0.5
      objectReference: {fileID: 0}
    - target: {fileID: 6309437967392535059, guid: e93d8dfec498b774981da153b0013aa7,
        type: 3}
      propertyPath: m_AnchorMin.y
      value: 0.5
      objectReference: {fileID: 0}
    - target: {fileID: 6309437967392535059, guid: e93d8dfec498b774981da153b0013aa7,
        type: 3}
      propertyPath: m_SizeDelta.x
      value: 80
      objectReference: {fileID: 0}
    - target: {fileID: 6309437967392535059, guid: e93d8dfec498b774981da153b0013aa7,
        type: 3}
      propertyPath: m_SizeDelta.y
      value: 120
      objectReference: {fileID: 0}
    - target: {fileID: 6309437967392535059, guid: e93d8dfec498b774981da153b0013aa7,
        type: 3}
      propertyPath: m_LocalPosition.x
      value: 0
      objectReference: {fileID: 0}
    - target: {fileID: 6309437967392535059, guid: e93d8dfec498b774981da153b0013aa7,
        type: 3}
      propertyPath: m_LocalPosition.y
      value: 0
      objectReference: {fileID: 0}
    - target: {fileID: 6309437967392535059, guid: e93d8dfec498b774981da153b0013aa7,
        type: 3}
      propertyPath: m_LocalPosition.z
      value: 0
      objectReference: {fileID: 0}
    - target: {fileID: 6309437967392535059, guid: e93d8dfec498b774981da153b0013aa7,
        type: 3}
      propertyPath: m_LocalRotation.w
      value: 1
      objectReference: {fileID: 0}
    - target: {fileID: 6309437967392535059, guid: e93d8dfec498b774981da153b0013aa7,
        type: 3}
      propertyPath: m_LocalRotation.x
      value: -0
      objectReference: {fileID: 0}
    - target: {fileID: 6309437967392535059, guid: e93d8dfec498b774981da153b0013aa7,
        type: 3}
      propertyPath: m_LocalRotation.y
      value: -0
      objectReference: {fileID: 0}
    - target: {fileID: 6309437967392535059, guid: e93d8dfec498b774981da153b0013aa7,
        type: 3}
      propertyPath: m_LocalRotation.z
      value: -0
      objectReference: {fileID: 0}
    - target: {fileID: 6309437967392535059, guid: e93d8dfec498b774981da153b0013aa7,
        type: 3}
      propertyPath: m_AnchoredPosition.x
      value: -169
      objectReference: {fileID: 0}
    - target: {fileID: 6309437967392535059, guid: e93d8dfec498b774981da153b0013aa7,
        type: 3}
      propertyPath: m_AnchoredPosition.y
      value: 10
      objectReference: {fileID: 0}
    - target: {fileID: 6309437967392535059, guid: e93d8dfec498b774981da153b0013aa7,
        type: 3}
      propertyPath: m_LocalEulerAnglesHint.x
      value: 0
      objectReference: {fileID: 0}
    - target: {fileID: 6309437967392535059, guid: e93d8dfec498b774981da153b0013aa7,
        type: 3}
      propertyPath: m_LocalEulerAnglesHint.y
      value: 0
      objectReference: {fileID: 0}
    - target: {fileID: 6309437967392535059, guid: e93d8dfec498b774981da153b0013aa7,
        type: 3}
      propertyPath: m_LocalEulerAnglesHint.z
      value: 0
      objectReference: {fileID: 0}
    m_RemovedComponents: []
  m_SourcePrefab: {fileID: 100100000, guid: e93d8dfec498b774981da153b0013aa7, type: 3}
--- !u!114 &8731365242952373108 stripped
MonoBehaviour:
  m_CorrespondingSourceObject: {fileID: 1133507247869414039, guid: e93d8dfec498b774981da153b0013aa7,
    type: 3}
  m_PrefabInstance: {fileID: 8545312816964835811}
  m_PrefabAsset: {fileID: 0}
  m_GameObject: {fileID: 0}
  m_Enabled: 1
  m_EditorHideFlags: 0
  m_Script: {fileID: 11500000, guid: 80de421085c1f6c4e80f0fdac7393c32, type: 3}
  m_Name: 
  m_EditorClassIdentifier: 
--- !u!224 &2384846065447955440 stripped
RectTransform:
  m_CorrespondingSourceObject: {fileID: 6309437967392535059, guid: e93d8dfec498b774981da153b0013aa7,
    type: 3}
  m_PrefabInstance: {fileID: 8545312816964835811}
  m_PrefabAsset: {fileID: 0}
